% Encoding: windows-1252


@Article{AbdollahDoosti2011,
  Title                    = {Design and Simulation of a Secure and Robust Underwater Acoustic Communication System in the Persian Gulf},
  Author                   = {Abdollah Doosti, Aref and Mohammad Javad, Jannati and Vahid Tabataba, Vakili},
  Journal                  = {Communications and Network},
  Year                     = {2011},
  Volume                   = {2011},

  Owner                    = {dovietha},
  Publisher                = {Scientific Research Publishing},
  Timestamp                = {2015.08.29}
}

@Article{Sadia2008,
  Title                    = {Evaluation of frequency offset and {D}oppler effect in terrestrial {RF} and in underwater acoustic {OFDM} systems},
  Author                   = {Sadia Ahmed and Huseyin Arslan},
  Journal                  = {IEEE Military Communications Conference, MILCOM, San Diego, CA, USA},
  Year                     = {Nov. 2008.},

  Owner                    = {Win 8.1 VS8 X64},
  Timestamp                = {2015.04.11}
}

@Article{Akyildiz2005,
  Title                    = {Underwater acoustic sensor networks: research challenges},
  Author                   = {Akyildiz, Ian F and Pompili, Dario and Melodia, Tommaso},
  Journal                  = {Ad hoc networks},
  Year                     = {2005},
  Number                   = {3},
  Pages                    = {257--279},
  Volume                   = {3},

  Owner                    = {Lam Hoi},
  Publisher                = {Elsevier},
  Timestamp                = {2015.07.29}
}

@Book{Fun_of_OceanAcoustic_1991,
  Title                    = {Fundamentals of Ocean Acoustics},
  Author                   = {L. M. Brekhovskikh and Y. P. Lysanov},
  Publisher                = {Berlin, Germany: Springer-Verlag},
  Year                     = {1991},

  Owner                    = {Win 8.1 VS8 X64},
  Timestamp                = {2015.04.09}
}

@Article{Caley2013,
  Title                    = {Investigation of underwater acoustic multi-path {D}oppler and delay spreading in a shallow marine environment},
  Author                   = {Michael Caley and Alec Duncan},
  Journal                  = {Acoustics Australia, vol. 41, no. 1, pp. 20--28},
  Year                     = {Apr. 2013.},

  Owner                    = {Win 8.1 VS8 X64},
  Timestamp                = {2015.04.11}
}

@Misc{Cox1971,
  Title                    = {{Doppler} spectrum measurements at 910~{MHz} over a suburban mobile radio path},

  Author                   = {Cox, D.C.},
  Note                     = {Proceedings of the IEEE},
  Year                     = {1971},

  Doi                      = {10.1109/PROC.1971.8309},
  Number                   = {6},
  Owner                    = {Lam Hoi},
  Pages                    = {1017--1018},
  Timestamp                = {2015.07.29},
  Url                      = {http://ieeexplore.ieee.org/stamp/stamp.jsp?arnumber=1450239},
  Volume                   = {59}
}

@Misc{Eggen2001,
  author    = {Eggen, T.H. and Preisig, J.C. and Baggeroer, A.B.},
  title     = {Communication over {Doppler} spread channels. II. Receiver characterization and practical results},
  year      = {2001},
  note      = {IEEE Journal of Oceanic Engineering},
  number    = {4},
  owner     = {Lam Hoi},
  pages     = {612--621},
  timestamp = {2015.07.29},
  volume    = {26},
}

@Article{Hamada2013,
  Title                    = {Review Article: Multicarrier Communication for Underwater Acoustic Channel},
  Author                   = {H. Esmaiel and D. Jiang},
  Journal                  = {Int. J. Communications, Network and System Sciences, vol. 6, pp. 361--376},
  Year                     = {Aug. 2013.},

  Owner                    = {Win 8.1 VS8 X64},
  Timestamp                = {2015.04.08}
}

@Article{Milica2012,
  Title                    = {Information-Theoretic Analysis of Underwater Acoustic {OFDM} Systems in Highly Dispersive Channels},
  Author                   = {F- X. Socheleau, and M. Stojanovic, and C. Laot, and J- M. Passerieux},
  Journal                  = {Journal of Electrical and Computer Engineering, vol. 2012},
  Year                     = {2012},

  Owner                    = {Win 8.1 VS8 X64},
  Timestamp                = {2015.04.13}
}

@Article{Hou2012,
  Title                    = {Underwater Wireless Communication System: Acoustic Channel Modeling and
Carry Frequency Identification},
  Author                   = {H. P. Yoong, and K. B. Yeo, and K. T. Teo, and W. L. Wong},
  Journal                  = {International Journal of Simulation Systems, Science \& Technology},
  Year                     = {June 2012},

  Owner                    = {Win 8.1 VS8 X64},
  Timestamp                = {2015.04.08}
}

@Book{Hlawatsch2011,
  Title                    = {Wireless communications over rapidly time-varying channels},
  Author                   = {Hlawatsch, Franz and Matz, Gerald},
  Publisher                = {USA: Elsevier},
  Year                     = {2011, pp. 1--63},

  Owner                    = {dovietha},
  Timestamp                = {2015.09.07}
}

@Article{Yeli2005,
  Title                    = {Effect of {D}oppler spread in {OFDM}-based {UWB} systems},
  Author                   = {I. R. Capoglu, and Y. Li, and A. Swami,},
  Journal                  = {IEEE Trans. Wireless Commun., vol. 4, no. 5, pp. 2559--2567},
  Year                     = {Sep. 2005.},

  Owner                    = {Win 8.1 VS8 X64},
  Timestamp                = {2015.04.13}
}

@Book{Istepanian2002,
  Title                    = {Underwater acoustic digital signal processing and communication systems},
  Author                   = {Istepanian, Robert SH and Stojanovic, Milica},
  Publisher                = {Springer},
  Year                     = {2002},

  Owner                    = {Lam Hoi},
  Timestamp                = {2015.07.29}
}

@Book{Istepanian2002b,
  Title                    = {Underwater acoustic digital signal processing and communication systems},
  Author                   = {Istepanian, Robert SH and Stojanovic, Milica},
  Publisher                = {Springer},
  Year                     = {2002},

  Owner                    = {dovietha},
  Timestamp                = {2015.08.26}
}

@Article{Jeong2014,
  author    = {Jeong, Myunghun and Park, Byoung-Yong and Choi, Junghwan and Park, Seong-Ook},
  title     = {Doppler spread spectrum of a circularly moving receiver in an anechoic and a reverberation chamber},
  journal   = {Progress In Electromagnetics Research C},
  year      = {2014},
  volume    = {48},
  pages     = {125--132},
  owner     = {dovietha},
  publisher = {EMW Publishing},
  timestamp = {2015.09.16},
}

@Article{Milica2008,
  Title                    = {Distributed power control for underwater acoustic networks},
  Author                   = {J. M. Jornet and M. Stojanovic},
  Journal                  = {in Proc. OCEANS 2008, Quebec City, Canada},
  Year                     = {Sep. 2008.},

  Owner                    = {Win 8.1 VS8 X64},
  Timestamp                = {2015.04.07}
}

@Book{Kassam2012,
  Title                    = {Signal detection in non-Gaussian noise},
  Author                   = {Kassam, Saleem A},
  Publisher                = {Springer Science \& Business Media},
  Year                     = {2012},

  Owner                    = {Lam Hoi},
  Timestamp                = {2015.08.05}
}

@Article{Kilfoyle2000,
  Title                    = {The state of the art in underwater acoustic telemetry},
  Author                   = {Kilfoyle, Daniel B and Baggeroer, Arthur B},
  Journal                  = {IEEE Journal of Oceanic Engineering},
  Year                     = {2000},
  Number                   = {1},
  Pages                    = {4--27},
  Volume                   = {25},

  Owner                    = {Lam Hoi},
  Publisher                = {IEEE},
  Timestamp                = {2015.07.29}
}

@Article{Kim2000,
  Title                    = {Parameter study of {OFDM} underwater communications system},
  Author                   = {B. C. Kim and I. Lu},
  Journal                  = {in Proc. IEEE OCEANS 2000, vol. 2, Providence, RI, USA, pp. 1251--1255},
  Year                     = {Sep. 2000},

  Owner                    = {Win 8.1 VS8 X64},
  Timestamp                = {2015.04.10}
}

@Article{Jun1999,
  Title                    = {Effects of Time Selective Multipath Fading on {OFDM} Systems for Broadband Mobile Applications},
  Author                   = {J. Li and M. Kavehrad},
  Journal                  = {IEEE Communications Letters, vol. 3, no.12, pp. 332--334},
  Year                     = {Dec. 1999.},

  Owner                    = {Win 8.1 VS8 X64},
  Timestamp                = {2015.04.10}
}

@Article{Yeli2001,
  Title                    = {Bounds on the interchannel interference of {OFDM} in time-varying impairments},
  Author                   = {Y. Li and L. J. Cimini},
  Journal                  = {IEEE Transactions on Communications, vol. 49, no. 3, pp. 401--404},
  Year                     = {Mar. 2001.},

  Owner                    = {Win 8.1 VS8 X64},
  Timestamp                = {2015.04.11}
}

@Article{Patzold2014,
  Title                    = {A geometry-based channel model for shallow underwater acoustic channels under rough surface and scattering conditions},
  Author                   = {M. Naderi, and M. Pätzold, and A. G. Zajic},
  Journal                  = {in Proc. 5th International Conference on Communication and Electronics, ICCE 2014. Da Nang City, Vietnam, pp. 112--117},
  Year                     = {Aug. / Sep. 2014},

  Owner                    = {Win 8.1 VS8 X64},
  Timestamp                = {2015.04.08}
}

@Article{Matz2011,
  Title                    = {Fundamentals of time-varying communication channels},
  Author                   = {Matz, Gerald and Hlawatsch, Franz},
  Journal                  = {Wireless Communications over Rapidly Time-Varying Channels, F. Hlawatsch and G. Matz, Eds. Academic Press},
  Year                     = {2011},
  Pages                    = {1--63},

  Owner                    = {dovietha},
  Timestamp                = {2015.09.07}
}

@Article{Preisig2007,
  Title                    = {Acoustic propagation considerations for underwater acoustic communications network development},
  Author                   = {Preisig, James},
  Journal                  = {ACM SIGMOBILE Mobile Computing and Communications Review},
  Year                     = {2007},
  Number                   = {4},
  Pages                    = {2--10},
  Volume                   = {11},

  Owner                    = {Lam Hoi},
  Publisher                = {ACM},
  Timestamp                = {2015.07.29}
}

@Book{Proakis2007,
  title     = {Digital Communications},
  publisher = {New York: McGraw-Hill},
  year      = {2007, pp. 830--898},
  author    = {Proakis, J.G.},
  edition   = {5th},
  owner     = {dovietha},
  timestamp = {2015.09.07},
}

@Article{Proakis,
  Title                    = {Digital communications.},
  Author                   = {Proakis, John G},
  Journal                  = {New York: McGraw-Hill},
  Year                     = {2007},
  Owner                    = {dovietha},
  Timestamp                = {2015.09.07}
}

@Book{Ptzold2012,
  Title                    = {Mobile radio channels},
  Author                   = {Ptzold, Matthias},
  Publisher                = {Wiley Publishing},
  Year                     = {2012},

  Owner                    = {Lam Hoi},
  Timestamp                = {2015.07.29}
}

@Article{Milica2013,
  Title                    = {Statistical Characterization and Computationally Efficient Modeling of a Class of Underwater Acoustic Communication Channels},
  Author                   = {P. Qarabaqi and M. Stojanovic},
  Journal                  = {IEEE J. Ocean. Eng., vol. 38, no 4, pp. 701--717},
  Year                     = {Oct. 2013.},

  Owner                    = {Win 8.1 VS8 X64},
  Timestamp                = {2015.04.13}
}

@Article{Su2010,
  Title                    = {A review of channel modeling techniques for underwater acoustic communications},
  Author                   = {Ruoyu Su, and R. Venkatesan, and Cheng Li},
  Journal                  = {NECEC 2010},
  Year                     = {2010},

  Owner                    = {Win 8.1 VS8 X64},
  Timestamp                = {2015.04.10}
}

@Article{Milica2008_Capacity,
  Title                    = {On the Relationship Between Capacity and Distance in an Underwater Acoustic Communication Channel},
  Author                   = {M. Stojanovic},
  Journal                  = {ACM SIGMOBILE Mobile Computing and Communications Review (MC2R), vol.11, no. 4, pp. 34--43},
  Year                     = {October 2007},

  Owner                    = {Win 8.1 VS8 X64},
  Timestamp                = {2015.04.07}
}

@Article{Milica1996,
  Title                    = {Recent advances in high speed underwater acoustic communication},
  Author                   = {M. Stojanovic},
  Journal                  = {IEEE J. of Oceanic Engineering,vol.21,no.2},
  Year                     = {1996},

  Owner                    = {Win 8.1 VS8 X64},
  Timestamp                = {2015.04.10}
}

@Article{Milica2009,
  Title                    = {Underwater Acoustic Communication Channels: Propagation Models and Statistical Characterization},
  Author                   = {M. Stojanovic and J. Preisig},
  Journal                  = {IEEE Communications Magazine, vol. 47, no. 1, pp. 84--89},
  Year                     = {January, 2009},

  Owner                    = {Win 8.1 VS8 X64},
  Timestamp                = {2015.04.10}
}

@Misc{Stojanovic2009,
  Title                    = {Underwater acoustic communication channels: Propagation models and statistical characterization},

  Author                   = {Stojanovic, M. and Preisig, J.},
  Note                     = {Communications Magazine, IEEE},
  Year                     = {2009},

  Doi                      = {10.1109/MCOM.2009.4752682},
  Number                   = {1},
  Owner                    = {Lam Hoi},
  Pages                    = {84--89},
  Timestamp                = {2015.07.29},
  Url                      = {http://ieeexplore.ieee.org/stamp/stamp.jsp?arnumber=4752682},
  Volume                   = {47}
}

@Article{Rossi2015,
  Title                    = {Energy Detection for MIMO Decision Fusion in Underwater Sensor Networks},
  Author                   = {P. Salvo Rossi and  D. Ciuonzo and T. Ekman and H. Dong},
  Journal                  = {IEEE Sensors Journal},
  Year                     = {2015},
  Volume                   = {15},
  Number                   = {3},
  Pages                    = {1630-1640},
  Owner                    = {Win 8.1 VS8 X64},
  Timestamp                = {2015.04.10}
}

@Article{Qarabaqi2013,
  Title                    = {Statistical characterization and computationally efficient modeling of a class of underwater acoustic communication channels},
  Author                   = {P. Qarabaqi and M. Stojanovic},
  Journal                  = {IEEE Journal of Oceanic Engineering},
  Year                     = {2013},
  Volume                   = {38},
  Number                   = {4},
  Pages                    = {701-717},
  Owner                    = {Win 8.1 VS8 X64},
  Timestamp                = {2015.04.10}
} 

@Article{Bahrami2016,
  author   = {N. Bahrami and N. H. H. Khamis and A. B. Baharom},
  title    = {Study of Underwater Channel Estimation Based on Different Node Placement in Shallow Water},
  journal  = {IEEE Sensors Journal},
  year     = {2016},
  volume   = {16},
  number   = {4},
  pages    = {1095--1102},
  month    = feb,
  issn     = {1530-437X},
  doi      = {10.1109/JSEN.2015.2493102},
  keywords = {acoustic receivers, channel estimation, error statistics, mathematical analysis, minimum shift keying, radio receivers, telecommunication network reliability, underwater acoustic communication, wireless channels, BELLHOP toolbox, BER, Desaru beach, Johor Bahru, MATLAB toolbox, MSK receiver, Malaysia, UWSN design, acoustic underwater sensor network, altimetry, bathymetry, buoys-based sensor node, business application, channel impulse response, coherence bandwidth, energy conservation, ground-based sensor node, mathematical analyzing method, military application, orizontal point-to-point sensor node, salinity, satellite database, shallow water, transmission loss, underwater channel estimation, underwater node placement, Delays, Ocean temperature, Propagation losses, Receivers, Sea surface, Sensors, Surface topography, BELLHOP, UWSN, Underwater channel estimation, sensor localization, underwater channel estimation, underwater long-term communication},
}

@InProceedings{Binnerts2017,
  author    = {B. Binnerts and K. Blom and S. Giodini},
  title     = {Analysis of underwater acoustic propagation in a harbour environment and its effect on communication},
  booktitle = {Proc. OCEANS 2017 - Aberdeen},
  year      = {2017},
  pages     = {1--6},
  month     = jun,
  doi       = {10.1109/OCEANSE.2017.8084628},
  keywords  = {acoustic signal processing, autonomous underwater vehicles, oceanographic techniques, transient response, underwater acoustic communication, underwater acoustic propagation, underwater vehicles, acoustic propagation conditions, acoustic reverberation, acoustic underwater communication, autonomous underwater operations, autonomous underwater vehicles, channel soundings, empirical channel impulse responses, empirical reverberation, harbour environment, harbour environments, offshore platforms, physical structures, propagation conditions, robust underwater communication, shallow water harbour environments, underwater acoustic communication performance, underwater acoustic propagation, Boats, Receivers, Robustness, Transmitters, Underwater acoustics, Underwater communication, Underwater acoustic communications, acoustic measurements, autonomous underwater vehices, channel soundings, sound propagation},
}

@InProceedings{Babar2016,
  author    = {Z. Babar and Zongxin Sun and Lu Ma and Gang Qiao},
  title     = {Shallow water acoustic channel modeling and {OFDM} simulations},
  booktitle = {Proc. OCEANS 2016 MTS/IEEE Monterey},
  year      = {2016},
  pages     = {1--6},
  month     = sep,
  doi       = {10.1109/OCEANS.2016.7761079},
  keywords  = {OFDM modulation, electromagnetic wave attenuation, error statistics, multipath channels, radiowave propagation, underwater acoustic communication, MacKenzie model, OFDM modulation, OFDM simulations, Thorp model, Wenz model, acoustic signal attenuation analysis, ambient noise effect, bit error rate, deep water communication, multipath effect, multipath propagation impact, propagation delay prediction, ray model, shallow water acoustic channel modeling, shallow water communication, surface noise, temperature gradients, transmission loss, underwater acoustic communication model, Absorption, Acoustics, Mathematical model, OFDM, Ocean temperature, Propagation losses, Fisher & Simmons' model, OFDM, Thorp's model, channel modeling, underwater acoustics},
}

@InProceedings{Akada2015,
  author    = {S. Akada and S. Yoshizawa and H. Tanimoto and T. Saito},
  title     = {Experimental evaluation of data selective rake reception for underwater acoustic communication},
  booktitle = {Proc. Int. Symp. Intelligent Signal Processing and Communication Systems (ISPACS)},
  year      = {2015},
  pages     = {514--519},
  month     = nov,
  doi       = {10.1109/ISPACS.2015.7432826},
  keywords  = {OFDM modulation, intersymbol interference, remotely operated vehicles, telecontrol, underwater acoustic communication, visual communication, BER, DSRake, OFDM, ROV, UWA communication, data selective Rake reception, data selective rake reception, distance 1 m to 20 m, inter-symbol interference, multipath delay models, multipath interference, orthogonal frequency division multiplexing, receiver, remote control, remotely operated vehicle, shallow water UWA channels, swimming pool, transmitter, underwater acoustic communication, wireless image transmission, Bit error rate, Delays, Diversity reception, OFDM, Receivers, Spatial diversity, Transmitters},
}

@Article{Baktash2015,
  author   = {E. Baktash and M. J. Dehghani and M. R. F. Nasab and M. Karimi},
  title    = {Shallow Water Acoustic Channel Modeling Based on Analytical Second Order Statistics for Moving Transmitter/Receiver},
  journal  = {IEEE Transactions on Signal Processing},
  year     = {2015},
  volume   = {63},
  number   = {10},
  pages    = {2533--2545},
  month    = may,
  issn     = {1053-587X},
  doi      = {10.1109/TSP.2015.2411219},
  keywords = {Absorption, Acoustics, Correlation, Delays, Probability density function, Receivers, Transmitters, PDF of AoA, Shallow water acoustic channels, half-circular Rice PDF, second order statistics},
}

@Article{Song2012,
  author   = {X. Song and P. Willett and J. Glaz and S. Zhou},
  title    = {Active Detection With a Barrier Sensor Network Using a Scan Statistic},
  journal  = {IEEE Journal of Oceanic Engineering},
  year     = {2012},
  volume   = {37},
  number   = {1},
  pages    = {66--74},
  month    = jan,
  issn     = {0364-9059},
  doi      = {10.1109/JOE.2011.2176592},
  keywords = {interference (signal), sensor fusion, underwater acoustic propagation, underwater vehicles, active detection, barrier sensor network, dependence characteristic, detection fusion, scan statistic, subarea interference, system level performance, window across, Acoustics, Geometry, Impedance matching, Object detection, Probability, Propagation losses, Surveillance, Counting rule test (CRT), detection, detection fusion, multistatic, scan statistic, sensor network, sonar, submarine},
}

@InProceedings{Kochanska2017,
  author    = {I. Kochanska and J. Schmidt},
  title     = {Probe signal processing for channel estimation in underwater acoustic communication system},
  booktitle = {Proc. and Applications (SPA) 2017 Signal Processing: Algorithms, Architectures, Arrangements},
  year      = {2017},
  pages     = {325--330},
  month     = sep,
  doi       = {10.23919/SPA.2017.8166887},
  keywords  = {Doppler effect, channel estimation, multipath channels, signal processing, spread spectrum communication, telecommunication network reliability, underwater acoustic communication, Doppler spread, acoustic communication channels, channel estimation, digital signal processing algorithms, multipath delay spread, probe signal processing, reliable communication system, underwater acoustic communication system, Adaptive systems, Bandwidth, Channel estimation, Correlation, Delays, Doppler effect, Probes, channel identification, channel impulse response, signal processing latency, underwater channel meassurements, underwater communications},
}

@InProceedings{Pelekanakis2015,
  author    = {K. Pelekanakis and M. Chitre},
  title     = {Low-complexity subband equalization of mobile underwater acoustic channels},
  booktitle = {Proc. OCEANS 2015 - Genova},
  year      = {2015},
  pages     = {1--8},
  month     = may,
  doi       = {10.1109/OCEANS-Genova.2015.7271364},
  keywords  = {channel estimation, computational complexity, intersymbol interference, multipath channels, quadrature phase shift keying, underwater acoustic communication, wireless channels, QPSK signals, adaptive equalizers, computational complexity, impulsive noise environments, intersymbol interference, low-complexity subband equalization, mobile underwater acoustic channels, multipath propagation, quadrature phase-shift keying, shallow water links, signal packet, track rapid multipath fluctuations, underwater acoustic communications, variable platform mobility, Channel estimation, Computational complexity, Doppler effect, Equalizers, Noise, Receivers, Robustness},
}

@InProceedings{Yao2008,
  author    = {B. Yao and H. Li and T. Zhou and B. Chen and H. Yu},
  title     = {Real-Time Implementation of Multiple Sub-array Beam-Space MUSIC Based on {FPGA} and {DSP} Array},
  booktitle = {Proc. Fifth IEEE Int. Symp. Embedded Computing},
  year      = {2008},
  pages     = {186--191},
  month     = oct,
  doi       = {10.1109/SEC.2008.6},
  keywords  = {antenna arrays, aperture antennas, digital signal processing chips, direction-of-arrival estimation, eigenvalues and eigenfunctions, field programmable gate arrays, CORDIC, DOA estimation algorithm, DSP array, FPGA array, eigenvalue decomposition, multiple sub-array beam-space MUSIC, parallel Jacobi algorithm, Covariance matrix, Digital signal processing, Direction of arrival estimation, Eigenvalues and eigenfunctions, Field programmable gate arrays, Hardware, Jacobian matrices, Lakes, Multiple signal classification, Parallel processing, CORDIC, DSP, FPGA, MSB-MUSIC, VD, parallel Jacobi},
}

@InProceedings{Adzhani2016,
  author    = {S. I. Adzhani and H. Mahmudah and T. B. Santoso},
  title     = {Time-frequency analysis of underwater ambient noise of mangrove estuary},
  booktitle = {Proc. Int. Electronics Symp. (IES)},
  year      = {2016},
  pages     = {223--227},
  month     = sep,
  doi       = {10.1109/ELECSYM.2016.7861006},
  keywords  = {Gaussian distribution, Laplace equations, acoustic signal processing, time-frequency analysis, Bhattacharyya distance, Gaussian distribution functions, Kolmogorov-Smirnov test, Kullback-Leibler divergence, Laplace distribution functions, Mangrove estuary, PSD estimation, acoustic signal propagation parameter, ambient noise measurement, cdf curve estimation, channel condition, cumulative distribution function curve estimation, mean square error, pdf, power spectral density estimation, probability density function, shallow water area, statistical characterization, time-frequency domain, transmission medium, transmission process, underwater information signal, Estimation, Frequency-domain analysis, Gaussian distribution, Noise measurement, Probability density function, Sea measurements, Sonar equipment, acoustic, ambient noise, power spectral density, probability density function, underwater},
}

@InProceedings{Das2016,
  author    = {A. Das and V. Pallayil},
  title     = {Validation of channel model for evaluating the performance of probing signal design in shallow tropical waters},
  booktitle = {Proc. OCEANS 2016 MTS/IEEE Monterey},
  year      = {2016},
  pages     = {1--6},
  month     = sep,
  doi       = {10.1109/OCEANS.2016.7761233},
  keywords  = {autonomous underwater vehicles, channel estimation, frequency modulation, object detection, signal classification, LFM, active sensing, autonomous underwater vehicle, channel estimation, digital thin line array, linear frequency modulation, object detection, sediment classification techniques, shallow water channels, simple Rogers model, underwater channel fluctuations, Channel models, Computational modeling, Receivers, Sediments, Sensors, Signal design, Signal to noise ratio, Active Sensing, LFM Signal, Probing Signal Design, Sediment Classification, Tropical Shallow Water Channel, Underwater Channel Model Validation},
}

@InProceedings{Chen2016,
  author    = {Y. Chen and L. Zou and A. Zhao and J. Yin},
  title     = {Null subcarriers based {Doppler} scale estimation for multicarrier communication over underwater acoustic non-uniform {Doppler} shift channels},
  booktitle = {Proc. IEEE/OES China Ocean Acoustics (COA)},
  year      = {2016},
  pages     = {1--6},
  month     = jan,
  doi       = {10.1109/COA.2016.7535666},
  keywords  = {Doppler shift, OFDM modulation, communication complexity, estimation theory, interpolation, optimisation, polynomials, ultra wideband communication, underwater acoustic communication, wireless channels, Doppler scale coarse estimating method, OFDM communication, acoustic receiver, acoustic transmitter, computation complexity, multicarrier communication, nonuniform Doppler shift, null subcarrier based Doppler scale estimation, optimization problem, orthogonal frequency division multiplexing communication, quadratic polynomial interpolation, shallow water experiment, ultrawideband UWA channel, ultrawideband underwater acoustic channel, underwater acoustic nonuniform Doppler shift channel, Doppler effect, Estimation, Frequency estimation, Indexes, Instruction sets, OFDM, Ultra wideband technology, Doppler scale estimation, orthogonal frequency division multiplexing (OFDM), polynomial interpolation, underwater acoustic (UWA) communication},
}

@Article{Byun2013,
  author   = {S. H. Byun and W. Seong and S. M. Kim},
  title    = {Sparse Underwater Acoustic Channel Parameter Estimation Using a Wideband Receiver Array},
  journal  = {IEEE Journal of Oceanic Engineering},
  year     = {2013},
  volume   = {38},
  number   = {4},
  pages    = {718--729},
  month    = oct,
  issn     = {0364-9059},
  doi      = {10.1109/JOE.2013.2258222},
  keywords = {Doppler shift, gravity waves, multipath channels, parameter estimation, search problems, time-varying channels, underwater acoustic communication, Doppler frequency, OMP algorithm, angle-delay-Doppler-spread function, complex amplitude, impinging multipath components, incidence angle, large-scale water tank, multichannel signals, orthogonal matching pursuit algorithm, parameter search space, principal entries, redundant dictionary, shallow sea water, space-alternating scheme, sparse underwater acoustic channel parameter estimation, surface gravity wave, time-delay, time-varying multipath channel parameters, wideband multichannel receiver array, Array signal processing, Channel estimation, Matching pursuit algorithms, Multipath channels, Time-varying systems, Array signal processing, channel estimation, matching pursuit (MP), sparse estimation, time-varying multipath channel},
}

@InProceedings{Aliesawi2010b,
  author    = {S. Aliesawi and C. C. Tsimenidis and B. S. Sharif and M. Johnston},
  title     = {Efficient channel estimation for chip multiuser detection on underwater acoustic channels},
  booktitle = {Proc. 7th Int. Symp. Communication Systems Networks Digital Signal Processing (CSNDSP 2010)},
  year      = {2010},
  pages     = {173--177},
  month     = jul,
  keywords  = {channel estimation, code division multiple access, mean square error methods, multiuser detection, quadrature phase shift keying, radiofrequency interference, telecommunication channels, underwater acoustic communication, carrier phase tracking, channel estimation, chip multiuser detection, code division multiple access, interleave division multiple access, log-likelihood ratio, mean square error criterion, multiple access interference signal, quadrature phase-shift keying, single-element synchronous downlink multiple access schemes, underwater acoustic channels, Channel estimation, Detectors, Multiaccess communication, Multiuser detection, Phase shift keying, Receivers, Training, CDMA, Channel Estimation, IDMA, multiuser detection, underwater acoustic communication},
}

@InProceedings{DeRango2012,
  author       = {De Rango, Floriano and Veltri, Fiore and Fazio, Peppino},
  title        = {A multipath fading channel model for underwater shallow acoustic communications},
  booktitle    = {IEEE International Conference on Communications (ICC)},
  year         = {2012},
  pages        = {3811--3815},
  organization = {IEEE},
}

@Article{SozerJan,
  author   = {Sozer, E. M. and Stojanovic, M. and Proakis, J. G.},
  title    = {Underwater acoustic networks},
  journal  = {IEEE Journal of Oceanic Engineering},
  year     = {2000},
  volume   = {25},
  number   = {1},
  pages    = {72--83},
  month    = jan,
  issn     = {0364-9059},
  keywords = {automatic repeat request, carrier sense multiple access, code division multiple access, frequency division multiple access, telecommunication network routing, time division multiple access, underwater acoustic telemetry, ARQ, CDMA, CSMA, FDMA, MACA protocol, TDMA, acoustic modem technology, acoustically connected ocean-bottom sensors, autonomous underwater vehicles, high-rate reliable communications, media access, multiple access, network design principles, on-shore control center, remote instruments, routing, shallow-water acoustic network, surface station, telemetry, underwater acoustic channels, underwater acoustic networks, Acoustic sensors, Communication system control, Instruments, Marine technology, Modems, Sea surface, Sensor phenomena and characterization, Telecommunication network reliability, Underwater acoustics, Underwater vehicles},
}

@Article{Li2008,
  author    = {Li, Baosheng and Zhou, Shengli and Stojanovic, Milica and Freitag, Lee and Willett, Peter},
  title     = {Multicarrier communication over underwater acoustic channels with nonuniform Doppler shifts},
  journal   = {IEEE Journal of Oceanic Engineering},
  year      = {2008},
  volume    = {33},
  number    = {2},
  pages     = {198--209},
  publisher = {IEEE},
}

@InProceedings{Kulhandjian2014,
  author       = {Kulhandjian, Hovannes and Melodia, Tommaso},
  title        = {Modeling underwater acoustic channels in short-range shallow water environments},
  booktitle    = {Proceedings of the International Conference on Underwater Networks \& Systems (WUWNET '14)},
  year         = {2014},
  pages        = {26:1 -- 26:5},
  organization = {ACM, New York, NY, USA, Article 26},
}

@Article{Walree2013,
  author    = {van Walree, Paul A},
  title     = {Propagation and scattering effects in underwater acoustic communication channels},
  journal   = {IEEE Journal of Oceanic Engineering},
  year      = {2013},
  volume    = {38},
  number    = {4},
  pages     = {614--631},
  publisher = {IEEE},
}

@InProceedings{Tomasi2010,
  author       = {Tomasi, Beatrice and Zappa, Giovanni and McCoy, Kim and Casari, Paolo and Zorzi, Michele},
  title        = {Experimental study of the space-time properties of acoustic channels for underwater communications},
  booktitle    = {OCEANS 2010 IEEE-Sydney},
  year         = {2010},
  pages        = {1--9},
  organization = {IEEE},
}

@Article{Wu2012,
  author        = {Wu, Lingjuan and Trezzo, Jennifer and Mirza, Diba and Roberts, Paul and Jaffe, Jules and Wang, Yangyuan and Kastner, Ryan},
  title         = {Designing an adaptive acoustic modem for underwater sensor networks},
  journal       = {IEEE Embedded Systems Letters},
  year          = {2012},
  volume        = {4},
  number        = {1},
  pages         = {1--4},
  __markedentry = {[tienh:]},
  publisher     = {IEEE},
}

@InProceedings{Demirors2014,
  author        = {Demirors, Emrecan and Sklivanitis, George and Santagati, G Enrico and Melodia, Tommaso and Batalama, Stella N},
  title         = {Design of a software-defined underwater acoustic modem with real-time physical layer adaptation capabilities},
  booktitle     = {Proceedings of the International Conference on Underwater Networks \& Systems},
  year          = {2014},
  pages         = {25},
  organization  = {ACM},
  __markedentry = {[tienh:]},
}

@Article{Cheng2015,
  author        = {Cheng, En and Chen, Shengli and Yuan, Fei},
  title         = {Design and detection of multilinear chirp signals for underwater acoustic sensor networks},
  journal       = {International Journal of Distributed Sensor Networks},
  year          = {2015},
  volume        = {11},
  number        = {11},
  pages         = {371579},
  __markedentry = {[tienh:]},
  publisher     = {SAGE Publications Sage UK: London, England},
}

@InProceedings{Borowski2009,
  author        = {Borowski, Brian},
  title         = {Characterization of a very shallow water acoustic communication channel},
  booktitle     = {MTS/IEEE Biloxi-Marine Technology for Our Future: Global and Local Challenges OCEANS},
  year          = {2009},
  pages         = {1--10},
  organization  = {IEEEx},
  __markedentry = {[tienh:6]},
}

@Book{Dunn2005,
  title     = {Measurement and Data Analysis for Engineering and Science},
  publisher = {New York: McGraw-Hill.},
  year      = {2005},
  author    = {Dunn, Patrick F},
  owner     = {Lam Hoi},
  timestamp = {2015.07.29},
}

@Comment{jabref-meta: databaseType:bibtex;}
